<?xml version="1.0" encoding="UTF-8"?><record xmlns="http://www.loc.gov/MARC21/slim" xmlns:cinclude="http://apache.org/cocoon/include/1.0" xmlns:zs="http://www.loc.gov/zing/srw/">
  <leader>00700nz  a2200145n  4500</leader>
  <controlfield tag="001">n 2008161497</controlfield>
  <controlfield tag="003">DLC</controlfield>
  <controlfield tag="005">20080325075015.0</controlfield>
  <controlfield tag="008">080324n| acannaabn          |a ana      </controlfield>
  <datafield tag="010" ind1=" " ind2=" ">
    <subfield code="a">n 2008161497</subfield>
  </datafield>
  <datafield tag="040" ind1=" " ind2=" ">
    <subfield code="a">DLC</subfield>
    <subfield code="b">eng</subfield>
    <subfield code="c">DLC</subfield>
  </datafield>
  <datafield tag="110" ind1="2" ind2=" ">
    <subfield code="a">University Dames (University of Mississippi)</subfield>
  </datafield>
  <datafield tag="410" ind1="2" ind2=" ">
    <subfield code="a">University of Mississippi.</subfield>
    <subfield code="b">University Dames</subfield>
  </datafield>
  <datafield tag="410" ind1="2" ind2=" ">
    <subfield code="a">University of Mississippi.</subfield>
    <subfield code="b">Women's Club</subfield>
  </datafield>
  <datafield tag="670" ind1=" " ind2=" ">
    <subfield code="a">NUCMC data from University of Mississippi, Dept. of Archives and Special Collections for Its Collection, 1927-1999</subfield>
    <subfield code="b">(University Dames; social organization open to the University of Mississippi's women employees and wives of employees; formally known as the University of Mississippi Women's Club)</subfield>
  </datafield>
</record>